2610 4549
478 232 511 297 ··'
557 224 1173 339 'ru-ACTAT‘.
1223 224 2008 319 INVENTIONE
2149 258 2322 355 [xm

274 426 580 534 damus,
652 435 857 542 plura
898 431 1129 512 fidem
1170 431 1484 537 faciunt,
1533 455 1610 514 et
1650 460 1750 514 eo
1792 433 2035 540 plures
2066 416 2323 543 p'deta‘z

273 570 444 635 rum
486 551 927 630 narrationes
970 544 1336 628 alludunt.-
1436 544 1855 630 Secundum
1901 575 2077 649 eos,
2129 568 2325 656 quos

274 662 539 769 Distys
584 663 704 743 lib.
747 666 848 742 V.
899 674 1082 740 extr.
1142 657 1493 765 sequitur,
1554 687 1896 773 regnum
1909 665 2325 748 Troianum

206 829 213 834 -
270 781 636 860 Antenori
661 776 750 856 ab
778 773 1079 856 Achiuis
1120 796 1222 852 ex
1264 773 1481 879 ρειᾶο
1511 760 1920 855 concessum
1956 803 2134 858 mox
2184 778 2328 864 fuit

280 894 376 972 ab
426 895 671 970 Aenea
722 910 1113 982 tentatum,
1164 884 1288 966 sed
1350 886 1630 967 frustra.
1740 874 2164 971 Demetrius
2203 919 2328 975 au·

274 1026 439 1086 tem
469 1002 831 1115 Scepsms‚
887 997 1014 1082 etfi
1041 1024 1216 1081 eum
1244 1001 1533 1079 ciuibus
1578 1002 1716 1080 suis
1756 998 2127 1107 gratificari
2175 1030 2326 1088 vo-

283 1117 515 1199 luiffe
541 1115 860 1223 suspicari
932 1116 1133 1210 licet,
1194 1112 1531 1221 scepfios
1590 1112 1759 1196 suos
1828 1118 1994 1223 post
2056 1123 2331 1204 Troiae

194 1244 219 1263 ⁵
284 1229 647 1313 excidium
698 1256 737 1309 a
780 1226 1274 1324 Scamandrio,
1324 1227 1669 1314 Hectoris
1700 1228 1755 1309 f.
1784 1251 1860 1308 et
1903 1231 1997 1308 ab
2026 1230 2329 1314 Ascanio

289 1349 630 1444 Aeneae,
700 1363 1040 1447 regnatus
1103 1342 1251 1420 efl‘e
1286 1341 1685 1423 tradiderat
1744 1369 1811 1423 v.
1862 1344 2126 1424 Strabo
2173 1348 2221 1425 l.
2265 1372 2334 1434 c.

291 1485 375 1566 p.
426 1462 613 1571 607.
717 1454 832 1533 sed
921 1468 1295 1534 accurate
1319 1481 1473 1545 earn
1545 1480 1702 1533 rem
1800 1477 1882 1535 vt
1951 1456 2336 1564 persequa-

295 1596 487 1651 mur-
534 1598 623 1650 a
614 1567 935 1649 consilio
999 1568 1309 1647 alienum
1369 1570 1493 1646 est.
1565 1568 1902 1669 (Confer
1951 1592 2218 1651 tamen
2233 1572 2332 1653 ad

293 1686 412 1764 lib
461 1687 547 1763 11.
602 1688 784 1763 Exc.
844 1681 1066 1761 XVll.
1127 1704 1202 1788 ρ.
1258 1685 1503 1786 256.)
1655 1680 2017 1765 Videntur
2087 1704 2335 1768 autem

297 1796 543 1929 paullo
603 1797 771 1902 post
835 1794 912 1871 in
962 1818 1194 1875 novo
1263 1796 1415 1873 hoc
1483 1818 1720 1899 regno
1787 1799 2036 1876 turbae
2109 1798 2336 1881 fatiae

303 1910 507 1990 inter
522 1911 712 1989 viros
756 1908 1123 2014 principes
1171 1935 1263 1987 ex
1307 1910 1495 2011 regia
1536 1903 1792 2014 stirpe
1804 1910 2199 2010 oriundos,
2257 1934 2336 1995 et

196 2106 217 2113 ,
306 2025 477 2103 hinc
510 2048 721 2102 noua
767 2021 1106 2119 discidia,
1170 2023 1349 2101 ιιοιιι
1391 2018 1770 2101 discessus
1783 2044 1858 2101 et
1891 2026 1966 2102 ιιι
2021 2026 2142 2103 alia
2172 2024 2336 2109 10oe

188 2172 205 2177 ·
300 2135 798 2246 profefflones
828 2137 1188 2240 sequutae.
1298 2137 1475 2226 Huc
1503 2134 1806 2238 quidem
1836 2137 2071 2247 modu
2103 2137 2342 2219 diuer-

192 2303 217 2319 -
294 2248 594 2330 fissimae
624 2250 797 2329 ime
818 2249 1242 2355 scriptorum
1280 2249 1609 2331 rationes
1649 2252 2005 2357 componi
2047 2274 2125 2331 et
2153 2270 2341 2335 con

304 2365 573 2444 cil'nri
542 2385 740 2442 mter
767 2361 836 2442 se
864 2360 1155 2465 poffunt
1186 2387 1469 2442 omnes.

314 2499 329 2542 ‘-
480 2477 662 2573 Sed,
701 2496 784 2554 vt
812 2474 1170 2573 diximus,
1214 2475 1442 2556 nobis
1468 2499 1627 2554 non
1659 2496 1806 2554 tam
1850 2476 1923 2554 id
1978 2481 2344 2579 agendum

303 2593 449 2700 est,
513 2611 605 2670 vt
620 2533 1099 2669 c'liuerfitatem
1142 2589 1570 2667 narrat-ionis
1603 2587 1679 2665 in
1707 2586 2122 2668 consensum
2152 2592 2351 2669 redi-

307 2729 604 2814 gamm,
644 2729 870 2807 quam
897 2724 980 2781 vt
1008 2704 1295 2808 copiam
1321 2719 1579 2780 rerum
1625 2723 2100 2802 narratarum,
2157 2729 2378 2809 quae‘

310 2838 581 2925 poetae
608 2841 746 2921 pro
774 2817 1072 2897 materia
1103 2816 1436 2896 carminis
1470 2813 1680 2910 esset,
1735 2840 1834 2895 ex
1877 2815 2010 2900 hac
2050 2816 2195 2922 ipsa
2233 2843 2348 2901 va·
2401 2878 2408 2884 -

312 2934 564 3012 rietaoe
588 2930 1053 3010 declaremus.
1166 2936 1355 3012 Sunt
1388 2950 1654 3007 autem
1677 2928 1939 3026 multa,
1992 2958 2178 3035 quae
2227 2931 2353 3015 etfi

319 3043 591 3125 ahaliis
614 3044 736 3126 alia
764 3046 1041 3123 ratione
1079 3043 1443 3123 tradantur
1480 3064 1556 3121 et
1598 3037 1988 3139 ornentur,
2038 3044 2356 3128 fundum
2461 3063 2466 3068 ’

319 3171 562 3237 tamen
604 3182 1073 3288 cognmunem
1118 3156 1394 3265 priscae
1411 3155 1707 3235 alieuius
1752 3177 1828 3232 et
1865 3181 1903 3233 a
1960 3160 2360 3239 maioribus

326 3281 658 3376 acceptae
683 3271 1115 3350 narrationis
1146 3289 1418 3380 aperte
1438 3268 1786 3373 prodant3
1819 3266 2020 3347 sunt
2047 3272 2246 3368 alia,
2279 3274 2362 3350 in

328 3384 599 3488 ’quibus
662 3409 922 3464 omnes
986 3385 1163 3465 fere
1200 3381 1693 3479 conueniunt,
1744 3380 1850 3460 vti
1908 3382 2363 3483 Callistratus,

324 3501 619 3604 Satyrus
652 3520 729 3577 et
767 3493 1144 3595 Arei-inus,
1177 3497 1330 3575 hic
1349 3494 1641 3598 quidem
1676 3495 2025 3597 annqmss
2006 3517 2258 3594 mus
2284 3497 2365 3578 in
2449 3543 2458 3548 -

326 3611 522 3709 hoc,
588 3611 795 3716 quod
846 3617 1139 3702 Aeneas
1176 3612 1477 3688 Penates
1525 3633 1698 3688 cum
1763 3606 2072 3692 Palladio
2128 3554 2372 3691 ab'stm

328 3723 517 3803 ierit
545 3725 763 3828 (vnde
781 3726 876 3802 nb
911 3751 977 3802 c.-
1008 3730 1137 3820 68.
1168 3729 1298 3829 69.
1343 3720 1552 3801 NJadde
1567 3720 1939 3826 Lycophr.
1981 3728 2183 3805 1261
2210 3721 2368 3838 sqq

328 3838 680 3944 Xenoph.
730 3837 831 3917 de
850 3833 1143 3921 Venat.
1166 3861 1326 3915 non
1383 3836 1611 3939 longe
1664 3862 1705 3912 a
1751 3855 1861 3937 pr.
1875 3836 1910 3926 )
1980 3837 2188 3939 quod
2233 3859 2374 3956 *pa-
2447 3893 2466 3902 a

332 3967 547 4032 trem
566 3972 657 4034 et
670 3949 902 4034 filium
938 3950 1199 4040 secum
1230 3949 1535 4106 duxerit
1579 3959 1695 4049 (v.
1722 3948 1980 4098 partim
2009 3951 2180 4030 ibid.
2215 3969 2376 4055 par·
2427 3947 2432 3954 '

342 4113 349 4118 -
2239 4061 2376 4138 tim
